@article{frameworks,
    author = {Kristopher Sandoval},
    title = {Frameworks},
    note = {https://nordicapis.com/10-frameworks-for-building-web-applications-in-clojure},
    journal = {10 Frameworks For Building Web Applications In Clojure},
    month = May,
    year = 2018
}

@misc{luminus,
    title = {Luminus},
    note = {Online at: \url{http://www.luminusweb.net/}},
    author = {Dmitri Sotnikov}
}

@misc{diagram,
    title = {Programming in Clojure. Part 1: Why clojure},
    author = {Laxam - Cojure community},
    note = {Online at: \url{https://steemit.com/utopian-io/@laxam/programming-in-clojure-part-1-why-clojure}}
}


@misc{clojure_release_1,
    title = {Clojure Blog},
    author = {Cojure community},
    note = {Online at: \url{http://clojure.blogspot.com/2009/05/clojure-10.html}}
}

@misc{clojure_release_2,
    title = {Clojure Blog},
    author = {Cojure community},
    note = {Online at: \url{http://clojure.blogspot.com/2009/12/clojure-11-release.html}}
}

@misc{clojure_release_3,
    title = {Clojure Blog},
    author = {Cojure community},
    note = {Online at: \url{http://clojure.blogspot.com/2009/12/clojure-11-release.html}}
}

@misc{hoplon,
    title = {Hoplon docs},
    note ={Online at: \url{http://hoplon.io/}},
    author = {Adzerk}
}

@misc{hoplon_wiki,
    title = {Hoplon wiki},
    author = {Matthew Ratzke},
    note ={Online at: \url{https://github.com/hoplon/hoplon/wiki}}
}

@misc{clojure,
  title = {Clojure Official Website},
  author = {Rich Hickey},
  note = {Online at: \url{https://clojure.org/}},
}

@misc{clojure_script,
  title = {ClojureScript Github repozitorijum},
  author = {Clojure},
  note = {Online at: \url{https://github.com/clojure/clojurescript}},
}

@misc{clojure_clr,
  title = {ClojureCLR Github repozitorijum},
  author = {Clojure},
  note = {Online at: \url{https://github.com/clojure/clojurescript}},
}

@misc{clojure_py,
  title = {clojure-py Github repozitorijum},
  author = {D. Raines},
  note = {Online at: \url{https://github.com/drewr/clojure-py}},
}

@misc{ferret,
  title = {Ferret Github repozitorijum},
  author = {N. Akkaya},
  note = {Online at: \url{https://github.com/nakkaya/ferret}},
}

@misc{joker,
  title = {Joker Github repozitorijum},
  author = {R. Bataev},
  note = {Online at: \url{https://github.com/candid82/joker}},
}

@misc{clojerl,
  title = {clojerl Github repozitorijum},
  author = {Clojerl, Cojure on the Erlang VM},
  note = {Online at: \url{https://github.com/clojerl/clojerl}},
}

@book{livingclojure,
  title={Living Clojure},
  author={Carin Meier},
  year={2015},
  publisher={O'Reilly},
}

@book{braveclojure,
  title={Clojure for the Brave and True},
  author={Daniel Higginbotham},
  year={2015},
  publisher={No Starch Press},
}

@book{transparency,
  title={Concepts in Programming Languages},
  author={John C. Mitchell},
  year={2002},
  publisher={Cambridge University Press},
}
  
@article{transparency_2,
author = {Harald SÃ¸ndergaard, Peter Sestoft},
title = {Referential transparency, definiteness and unfoldability},
journal = {Acta Informatica},
publisher = {Springer-Verlag},
year = {1990},
}

